@article{Cattaneo_Idrobo_Titiunik_2019,
  title   = {A Practical Introduction to Regression Discontinuity Designs: Foundations},
  url     = {http://arxiv.org/abs/1911.09511},
  doi     = {10.1017/9781108684606},
  note    = {arXiv: 1911.09511},
  journal = {arXiv:1911.09511 [econ, stat]},
  author  = {Cattaneo, Matias D. and Idrobo, Nicolas and Titiunik, Rocio},
  year    = {2019},
  month   = {Nov}
}
@book{Cattaneo_Idrobo_Titiunik_2020,
  place      = {Cambridge},
  series     = {Elements in Quantitative and Computational Methods for the Social Sciences},
  title      = {A Practical Introduction to Regression Discontinuity Designs: Foundations},
  doi        = {10.1017/9781108684606},
  publisher  = {Cambridge University Press},
  author     = {Cattaneo, Matias D. and Idrobo, Nicolás and Titiunik, Rocío},
  year       = {2020},
  collection = {Elements in Quantitative and Computational Methods for the Social Sciences}
}
@article{Dell_2010,
  title   = {The Persistent Effects of Peru’s Mining Mita},
  volume  = {78},
  issn    = {0012-9682},
  doi     = {10.3982/ECTA8121},
  number  = {6},
  journal = {Econometrica},
  author  = {Dell, Melissa},
  year    = {2010},
  pages   = {1863–1903}
}
@article{Eggers_Freier_Grembi_Nannicini_2018,
  title   = {Regression Discontinuity Designs Based on Population Thresholds: Pitfalls and Solutions: RDD Based on Population Thresholds},
  volume  = {62},
  issn    = {00925853},
  doi     = {10.1111/ajps.12332},
  number  = {1},
  journal = {American Journal of Political Science},
  author  = {Eggers, Andrew C. and Freier, Ronny and Grembi, Veronica and Nannicini, Tommaso},
  year    = {2018},
  month   = {Jan},
  pages   = {210–229}
}
@article{Galindo-Silva_Some_Tchuente_2021,
  title   = {Fuzzy Difference-in-Discontinuities: Identification Theory and Application to the Affordable Care Act},
  url     = {http://arxiv.org/abs/1812.06537},
  note    = {arXiv: 1812.06537},
  journal = {arXiv:1812.06537 [econ]},
  author  = {Galindo-Silva, Hector and Some, Nibene Habib and Tchuente, Guy},
  year    = {2021},
  month   = {Apr}
}
@article{Grembi_Nannicini_Troiano_2016,
  title   = {Do Fiscal Rules Matter?},
  volume  = {8},
  issn    = {1945-7782, 1945-7790},
  doi     = {10.1257/app.20150076},
  number  = {3},
  journal = {American Economic Journal: Applied Economics},
  author  = {Grembi, Veronica and Nannicini, Tommaso and Troiano, Ugo},
  year    = {2016},
  month   = {Jul},
  pages   = {1–30}
}
@article{Hahn_Todd_Klaauw_2001,
  title   = {Identification and Estimation of Treatment Effects with a Regression-Discontinuity Design},
  volume  = {69},
  issn    = {0012-9682, 1468-0262},
  doi     = {10.1111/1468-0262.00183},
  number  = {1},
  journal = {Econometrica},
  author  = {Hahn, Jinyong and Todd, Petra and Klaauw, Wilbert},
  year    = {2001},
  month   = {Jan},
  pages   = {201–209}
}
@article{Keele_Titiunik_2015,
  title   = {Geographic Boundaries as Regression Discontinuities},
  volume  = {23},
  issn    = {1047-1987, 1476-4989},
  doi     = {10.1093/pan/mpu014},
  number  = {1},
  journal = {Political Analysis},
  author  = {Keele, Luke J. and Titiunik, Rocío},
  year    = {2015},
  pages   = {127–155}
}
@article{Millan-Quijano_2020,
  title   = {Fuzzy difference in discontinuities},
  volume  = {27},
  issn    = {1350-4851, 1466-4291},
  doi     = {10.1080/13504851.2019.1696930},
  number  = {19},
  journal = {Applied Economics Letters},
  author  = {Millán-Quijano, Jaime},
  year    = {2020},
  month   = {Nov},
  pages   = {1552–1555}
}
@article{Pence_2006,
  title   = {Foreclosing on Opportunity: State Laws and Mortgage Credit},
  volume  = {1},
  number  = {88},
  journal = {The Review of Economics and Statistics},
  author  = {Pence, Karen M},
  year    = {2006},
  month   = {Feb},
  pages   = {6}
}

